This file was created with JabRef 1.8.1.
Encoding: Cp1252

@BOOK{Alur2003,
  title = {Core J2EE Patterns: Best Practices and Design Strategies, Second
	Edition},
  publisher = {Prentice Hall PTR},
  year = {2003},
  author = {Deepak Alur and Dan Malks and John Crupi},
  owner = {Philipp Schneider},
}

@BOOKLET{ApacheAnt2005,
  title = {Apache Ant},
  author = {Apache},
  lastchecked = {30.August 2005},
  year = {2005},
  owner = {Philipp Schneider},
  url = {http://ant.apache.org/},
}

@ARTICLE{Bannert2005,
  author = {Martin Bannert and Matthias Stephan},
  title = {JDO mit Kodo - ein Praxisbericht},
  journal = {Java Spektrum},
  year = {2005},
  volume = {CEBIT Sonderheft},
  pages = {4},
  owner = {Philipp Schneider},
}

@BOOKLET{Bayer2005,
  title = {Webframeworks - J2EE \& Frameworks},
  author = {Thomas Bayer},
  lastchecked = {14. September 2005},
  year = {2005},
  owner = {Philipp Schneider},
  url = {http://www.oio.de/webframeworks.htm},
}

@PHDTHESIS{Behrendt2003,
  author = {Dirk Behrendt},
  title = {Konzeption und Realisierung einer Nutzerschnittstelle unter Einbeziehung
	von Web-Services für die Verwaltung von Nutzerkonten},
  school = {Technische Universität Ilmenau},
  year = {2003},
  owner = {Philipp Schneider},
  pdf = {diplomBehrendt_komprimiert.pdf},
  url = {http://www.4fo.de/download/diplomBehrendt_komprimiert.pdf},
}

@ARTICLE{Beneken2004,
  author = {Gerd Beneken and Florian Deißenböck},
  title = {Inside JavaServer Faces},
  journal = {Java Spektrum},
  year = {2004},
  volume = {04},
  pages = {45},
  owner = {Philipp Schneider},
  pdf = {D:\Daten\Diplomarbeit\Quellen\pdf\beneken_JS_04_04.pdf},
}

@BOOK{Bergsten2001,
  title = {JavaServer Pages},
  publisher = {O'Reilly},
  year = {2001},
  author = {Hans Bergsten},
  owner = {Philipp Schneider},
}

@ARTICLE{Bettag2005,
  author = {Urban Bettag},
  title = {Persistenz mit Hibernate},
  journal = {Java Spektrum},
  year = {2005},
  volume = {CEBIT Sonderheft},
  pages = {4},
  owner = {Philipp Schneider},
}

@BOOK{Brogden2002,
  title = {Cocoon 2 Programming: Web Publishing with XML and Java},
  publisher = {Sybex},
  year = {2002},
  author = {Bill Brogden and Conrad D'Cruz and Mark Gaither},
  number = {0-7821-4131-5},
  owner = {Philipp Schneider},
}

@ARTICLE{Buescher2004,
  author = {Wolfgang A. Büscher},
  title = {JDO als Alternative},
  journal = {Javamagazin},
  year = {2004},
  volume = {06},
  pages = {3},
  owner = {Philipp Schneider},
}

@BOOK{Cavaness2004,
  title = {Programming Jakarta Struts},
  publisher = {O'Reilly},
  year = {2004},
  author = {Chuck Cavaness},
  number = {0-596-00651-9},
  owner = {Philipp Schneider},
  pdf = {OReilly - Programming Jakarta Struts.pdf},
}

@PHDTHESIS{Dai2004,
  author = {Liang Dai},
  title = {Prototypische Erstellung einer Themenplanung in Rundfunkanstalten
	unter Verwendung eines MVC-Frameworks},
  school = {Universität Dortmund},
  year = {2004},
  owner = {Philipp Schneider},
  pdf = {ausarbeitungLiang.pdf},
  url = {http://ls1at6.cs.uni-dortmund.de/HomepageChernuchin/papers/ausarbeitungLiang.pdf},
}

@ARTICLE{Delius2005,
  author = {Felix von Delius},
  title = {JDO und Hibernate: zwei Java-Peristenztechnologien im Vergleich},
  journal = {Javamagazin},
  year = {2005},
  volume = {06},
  pages = {22},
  owner = {Philipp Schneider},
}

@BOOK{Eickstaedt2003,
  title = {J2EE mit Struts \& Co., m. CD-ROM},
  publisher = {Markt und Technik},
  year = {2003},
  author = {Dieter Eickstädt and Thomas Reuhl},
  owner = {Philipp Schneider},
}

@BOOK{Elliott2004,
  title = {Hibernate: A Developer's Notebook},
  publisher = {O'Reilly},
  year = {2004},
  author = {James Elliott},
  number = {0-596-00696-9},
  owner = {Philipp Schneider},
  pdf = {eBook.OReilly.Hibernate.A.Developers.Notebook.pdf},
}

@BOOK{Ford2004,
  title = {Art of Java
	
	Web Development},
  publisher = {Manning Publications Co.},
  year = {2004},
  author = {Neal Ford},
  number = {1-932394-06-0},
  owner = {Philipp Schneider},
  pdf = {MANNING Art of Java Web Development.pdf},
}

@BOOK{Gamma1995,
  title = {Design Patterns - Elements of Reusable Object-Oriented Software},
  publisher = {Addison-Wesley Professional},
  year = {1995},
  author = {Erich Gamma and Richard Helm and Ralph Johnson and John Vlissides},
  abstract = {Design Patterns is a modern classic in the literature of object-oriented
	development, offering timeless and elegant solutions to common problems
	in software design. It describes patterns for managing object creation,
	composing objects into larger structures, and coordinating control
	flow between objects. The book provides numerous examples where
	using composition rather than inheritance can improve the reusability
	and flexibility of code. Note, though, that it's not a tutorial
	but a ca...},
  owner = {Philipp Schneider},
}

@BOOKLET{Garnier2005,
  title = {Struts 1.1 Controller UML diagrams},
  author = {Jean-Michel Garnier},
  lastchecked = {19. Oktober 2005},
  year = {2005},
  owner = {Philipp Schneider},
  url = {http://rollerjm.free.fr/},
}

@BOOKLET{Geary2005,
  title = {A first look at JavaServer Faces, Part 1},
  author = {David Geary},
  lastchecked = {17. September 2005},
  year = {2005},
  owner = {Philipp Schneider},
  pdf = {D:\Daten\Diplomarbeit\Quellen\pdf\A first look at JavaServer Faces,
	Part 1.pdf},
  url = {http://www.javaworld.com/javaworld/jw-11-2002/jw-1129-jsf.html},
}

@BOOKLET{Haiges2005,
  title = {JavaServer Faces FAQ},
  author = {Sven Haiges},
  lastchecked = {19. September 2005},
  year = {2005},
  owner = {Philipp Schneider},
  url = {http://javaserverfaces.flavor.de/faq.html},
}

@ARTICLE{Haischt2001,
  author = {Daniel Haischt},
  title = {Wirbelwind - Web-Anwendungen gestalten mit dem Java Application Framework
	Turbine},
  journal = {Javamagazin},
  year = {2001},
  volume = {02},
  pages = {5},
  owner = {Philipp Schneider},
  pdf = {D:\Daten\Diplomarbeit\Quellen\pdf\jm_02_2001.pdf},
}

@BOOK{Hall2004,
  title = {Core Servlets and JavaServer Pages},
  publisher = {Prentice Hall PTR},
  year = {2004},
  author = {Marty Hall},
  abstract = {Aimed at those with some previous Java experience, Core Servlets and
	JavaServer Pages covers all you need to know to create effective
	Web applications using server-side Java. Combining plenty of practical
	advice with detailed information on these APIs, this book provides
	both the necessary background on Web programming and how to use
	Java effectively to power your Web site.
	
	Similar in spirit to the author's previous title, Core Web Programming,
	which covered the disparate too...},
  owner = {Philipp Schneider},
}

@BOOK{Harms2001,
  title = {JSP, Servlets, and MySQL},
  publisher = {Hungry Minds Inc,U.S.},
  year = {2001},
  author = {David Harms},
  owner = {Philipp Schneider},
}

@BOOK{Heldt2004,
  title = {Enterprise JavaBeans komplett},
  publisher = {Oldenbourg},
  year = {2004},
  editor = {Oliver Ihns},
  author = {Stefan Heldt and Ralf Wirdemann and Henning Zuzmann},
  number = {3-486-27379-5},
  owner = {Philipp Schneider},
}

@MANUAL{Hibernate2005,
  title = {Hibernate Reference Documentation - Version 2.1.7},
  author = {Hibernate},
  organization = {JBoss Inc.},
  year = {2005},
  owner = {Philipp Schneider},
  pdf = {hibernate_reference_2.1.7.pdf},
}

@ARTICLE{Holubek2005,
  author = {Andreas Holubek},
  title = {Mehr Licht im Persistenz-Dschungel - Konzepte, Ideen und Lösungen
	im Überblick},
  journal = {Javamagazin},
  year = {2005},
  volume = {06},
  pages = {2},
  owner = {Philipp Schneider},
}

@ARTICLE{Holubek2004,
  author = {Andreas Holubek},
  title = {Das Jahr der Persistenz},
  journal = {Javamagazin},
  year = {2004},
  volume = {12},
  pages = {1},
  owner = {Philipp Schneider},
}

@BOOK{Husted2003,
  title = {Struts in Action},
  publisher = {Manning Publications Co.},
  year = {2003},
  author = {Ted Husted},
  number = {1930110502},
  owner = {Philipp Schneider},
  pdf = {Struts In Action.pdf},
}

@BOOK{Kuhn2003,
  title = {Portale und Webanwendungen mit Apache Frameworks},
  publisher = {Software \& Support Verlag},
  year = {2003},
  editor = {Fabian Theis},
  author = {Stefan Kuhn and Matthew Langham and Jürgen Müller and Dapeng Wang
	and Carsten Ziegeler},
  owner = {Philipp Schneider},
}

@BOOKLET{Kurniawan2003,
  title = {Introducing JavaServer Faces},
  author = {Budi Kurniawan},
  lastchecked = {01. November 2005},
  year = {2003},
  owner = {Philipp Schneider},
  url = {http://www.onjava.com/pub/a/onjava/2003/07/30/jsf_intro.html},
}

@BOOK{Langham2002,
  title = {Cocoon: Building XML Applications},
  publisher = {New Riders Publishing},
  year = {2002},
  author = {Matthew Langham and Carsten Ziegeler},
  number = {0-7357-1235-2},
  owner = {Philipp Schneider},
  pdf = {Cocoon Building XML Applications (2002) - Matthew Langham NEW RIDERS.pdf},
}

@ARTICLE{Loosen2005,
  author = {Jörg Loosen},
  title = {Fliesenleger - Layoutkontrolle mit Struts Tiles},
  journal = {Javamagazin},
  year = {2005},
  volume = {04},
  pages = {105},
  owner = {Philipp Schneider},
}

@ARTICLE{Michel2004,
  author = {Marco Michel and Muhammet Öztürk},
  title = {GUI fürs Web - Einführung in die Konzepte von JavaServer Faces (JSF)},
  journal = {Javamagazin},
  year = {2004},
  volume = {01},
  pages = {38},
  owner = {Philipp Schneider},
  pdf = {web_frameworks_wang.pdf},
}

@BOOK{Oestereich2005,
  title = {Analyse und Design mit UML 2},
  publisher = {Oldenbourg},
  year = {2005},
  author = {Bernd Oestereich},
  number = {3-486-57654-2},
  owner = {Philipp Schneider},
}

@ARTICLE{Ploed2005,
  author = {Michael Plöd},
  title = {Hibernate 3: Was ist neu in der dritten Generation},
  journal = {Javamagazin},
  year = {2005},
  volume = {04},
  pages = {1},
  owner = {Philipp Schneider},
}

@ARTICLE{Ploed2004,
  author = {Michael Plöd},
  title = {Winterschläfer - Objektrelationales Mapping mit Hibernate},
  journal = {Javamagazin},
  year = {2004},
  volume = {08},
  pages = {5},
  owner = {Philipp Schneider},
}

@PHDTHESIS{Schneider2004,
  author = {Philipp Schneider},
  title = {Emailannahmen - Prozessor zur automatischen Annahme von elektronischen
	Patentanträgen},
  school = {Hochschule Harz},
  year = {2004},
  owner = {Philipp Schneider},
}

@BOOKLET{Singer2004,
  title = {Model View Controller - Kurz \& Gut},
  author = {Leif Singer},
  year = {2004},
  institution = {Uni-Hannover},
  owner = {Philipp Schneider},
  pdf = {mvc_lsinger.pdf},
  url = {http://www.se.uni-hannover.de/documents/kurz-und-gut/mvc_lsinger.pdf},
}

@BOOK{Spielman2003,
  title = {The Struts Framework},
  publisher = {Morgan Kaufmann Publishers},
  year = {2003},
  author = {Sue Spielman},
  number = {1-55860-862-1},
  owner = {Philipp Schneider},
}

@ARTICLE{Springmann2005,
  author = {Ludger Springmann and Oliver Tigges},
  title = {Das Framework Tapestry - Viele neue Seiten},
  journal = {Java Spektrum},
  year = {2005},
  volume = {01},
  pages = {18},
  owner = {Philipp Schneider},
  pdf = {D:\Daten\Diplomarbeit\Quellen\pdf\springmann_tigges_JS_01_05.pdf},
  url = {http://www.sigs.de/publications/js/2005/01/springmann_tigges_JS_01_05.pdf},
}

@BOOK{Stelting2001,
  title = {Applied Java Patterns},
  publisher = {Prentice Hall PTR},
  year = {2001},
  author = {Stephen Stelting and Olav Maasen},
  number = {0-13-093538-7},
  abstract = {Applied Java Patterns shows how Java programmers can benefit from
	design patterns. The idea is to identify designs that solve common
	software-development problems. It is an important and powerful technique,
	especially since the 1995 publication of Design Patterns, Elements
	of Reusable Object-Oriented Software by a group of authors known
	affectionately as the "Gang of Four". That book uses C++ for its
	examples, whereas this one uses Java throughout. No previous knowledge
	of desig...},
  owner = {Philipp Schneider},
}

@BOOK{Turner2004,
  title = {Struts - JSP-Applikationen mit Jakarta Struts, JBos und Apache Axis},
  publisher = {Addison-Wesley, München},
  year = {2004},
  author = {James Turner and Kevin Bedell},
  owner = {Philipp Schneider},
}

@ARTICLE{Wang2004,
  author = {Dapeng Wang},
  title = {Bunte Rahmen - Überblick über Web-Frameworks},
  journal = {Javamagazin},
  year = {2004},
  volume = {09},
  pages = {9},
  owner = {Philipp Schneider},
  pdf = {web_frameworks_wang.pdf},
}

@ARTICLE{Holubek2004a,
  author = {Michael Watzek and Michael Bouschen},
  title = {Wie perfomant ist JDO?},
  journal = {Javamagazin},
  year = {2004},
  volume = {06},
  pages = {4},
  owner = {Philipp Schneider},
}

@ARTICLE{Wessel2005,
  author = {Martin Wessel},
  title = {Java-Persistenz-API: Was passiert morgen mit den Standards von heute?},
  journal = {Javamagazin},
  year = {2005},
  volume = {06},
  pages = {1},
  owner = {Philipp Schneider},
}

@BOOK{Wessendorf2004,
  title = {Struts - Websites effizient entwickeln},
  publisher = {W3l},
  year = {2004},
  author = {Matthias Weßendorf},
  owner = {Philipp Schneider},
}

@BOOK{White2001,
  title = {JDBC API Tutorial and Reference},
  publisher = {Addison Wesley},
  year = {2001},
  author = {Seth White and Maydene Fisher and Rick Cattell and Graham Hamilton
	and Mark Hapner},
  abstract = {The second edition of the JDBC API Tutorial and Reference provides
	a worthwhile tour of the new features in Java Database Connectivity
	(JDBC) 2.0 and serves well as a reference to Sun's new standard
	for Java database programming.
	
	Once you open this book, it becomes quickly obvious that it is more
	comprehensive than the first edition. The new edition begins with
	an overview of the JDBC API, including its architecture and overall
	design. Beginners will also be pleased with a short bre...},
  owner = {Philipp Schneider},
}

@ARTICLE{Widder2005,
  author = {Oliver Widder},
  title = {Kleine Ameisen - Übersichtliche Ant-Skripte mit Antlets},
  journal = {Eclipsemagazin},
  year = {2005},
  volume = {04},
  pages = {91},
  owner = {Philipp Schneider},
}

@BOOKLET{Wikipedia2005,
  title = {Wikipedia - Enzyklopädie},
  author = {Wikipedia},
  year = {2005},
  owner = {Philipp Schneider},
  url = {http://de.wikipedia.org},
}

@BOOK{Wille2001,
  title = {Java Server Pages},
  publisher = {Addison-Wesley},
  year = {2001},
  author = {Stefan Wille},
  owner = {Philipp Schneider},
}

@comment{jabref-meta: selector_journal:Java Spektrum;Javamagazin;}

@comment{jabref-meta: selector_author:D;Olav Maassen;Stephen Stelting;
}

